%Abbreviations (from Dage originally)

% Journal titles
@string{acr = "Acc. Chem. Res."}
@string{advmat = "Adv. Mat."}
@string{aiqc = "Adv. Quant. Chem."}
@string{angewi = "Angew. Chem. Int. Ed."}
@string{annphys = "Ann. Phys."}
@string{annrevpc = "Annu. Rev. Phys. Chem."}
@string{apl = "Appl. Phys. Letters"}
@string{cac = "Comp. \& Chem. "}
@string{chemcom = "Chem. Comm."}
@string{chemphys = "Chem. Phys."}
@string{chemrev = "Chem. Rev."}
@string{colsurf = "Colloids and Surfaces"}
@string{cpl = "Chem. Phys. Lett."}
@string{ejp = "Eur. J. Phys"}
@string{euro = "Chem. Eur. J."}
@string{ijmpb = "Int. J. Mod. Phys. B"}
@string{ijqc = "Int. J. Quant. Chem."}
@string{jacs = "J. Am. Chem. Soc."}
@string{jap = "J. Appl. Phys."}
@string{jcc = "J. Comp. Chem."}
@string{jcinfcs = "J. Chem. Inf. Comput. Sci."}
@string{jcompphys = "J. Comp. Phys."}
@string{jcp = "J. Chem. Phys."}
@string{jcs = "J. Chem. Soc."}
@string{jcsft = "J. Chem. Soc. Faraday Trans."}
@string{jcspt = "J. Chem. Soc. Perkin Trans."}
@string{jcspt1 = "J. Chem. Soc. Perkin Trans. 1"}
@string{jcspt2 = "J. Chem. Soc. Perkin Trans. 2"}
@string{jctc = "J. Chem. Theory Comput."}
@string{jmm = "J. Mol. Model."}
@string{jms = "J. Mol. Struct."}
@string{jmst = "J. Mol. Struct. (Theochem)"}
@string{joc = "J. Org. Chem."}
@string{jpc = "J. Phys. Chem."}
@string{jpca = "J. Phys. Chem. A"}
@string{jpcb = "J. Phys. Chem. B"}
@string{jpcc = "J. Phys. Chem. C"}
@string{jpoc = "J. Phys. Org. Chem." }
@string{jpsjap = "J. Phys. Soc. Jap."}
@string{macmol = "Macromolecules"}
@string{macmolrap = "Macromol. Rapid Comm."}
@string{molphys = "Mol. Phys."}
@string{nanolet = "Nano Letters"}
@string{orglet  = "Org. Letters"}
@string{pac = "Pure Appl. Chem."}
@string{pccp = "Phys. Chem. Chem. Phys."}
@string{physrep = "Phys. Rep."}
@string{physrev = "Phys. Rev."}
@string{pra = "Phys. Rev. A"}
@string{prb = "Phys. Rev. B"}
@string{prl = "Phys. Rev. Letters"}
@string{proy = "Proc. R. Soc. (London)"}
@string{proya = "Proc. R. Soc. A"}
@string{psc = "Physica Scripta"}
@string{pssb = "Phys. Stat. Sol. B"}
@string{rmp = "Rev. Mod. Phys."}
@string{roy = "Phil. Trans. Roy."}
@string{rpp = "Rep. Prog. Phys."}
@string{sci = "Science"}
@string{synmet = "Synth. Met."}
@string{tams = "Trans Am Math Soc."}
@string{tca = "Theo. Chem. Acc."}
@string{tchima = "Theoret. Chim. Acta"}
@string{tetra = "Tetrahedron"}
@string{tetralett = "Tetrahedron Letters"}
@string{wire = "WIREs Comput. Mol. Sci."}
@string{zeitphys = "Zeits. Phys."}

% Book publishers
@string{acs = "American Chemical Society"}
@string{aw = "Addison Wesley"}
@string{ap = "Academic Press"}
@string{cup = "Cambridge University Press"}
@string{dover = "Dover Publications" }
@string{hcp = "Harper Collins Publishers"}
@string{iop = "Institute of Physics Publishing"}
@string{jhup = "The Johns Hopkins University Press"}
@string{kluwer = "Kluwer Academic Publishers"}
@string{marcel = "Marcel Dekker"}
@string{mcgraw = "McGraw-Hill"}
@string{oup = "Oxford University Press"}
@string{plenum = "Plenum Press"}
@string{prh = "Prentice Hall"}
@string{springer = "Springer-Verlag"}
@string{usb = "University Science Books"}
@string{vch = "Wiley-VCH"}
@string{wiley = "John Wiley \& Sons"}
@string{wsci = "World Scientific"}

% Book editions
@string{second = "2nd"}
@string{third = "3rd"}
@string{fourth = "4th"}
@string{fifth = "5th"}
@string{sixth = "6th"}

%@string(cup = "Cambridge University Press")
%@string(hcp = "Harper Collins Publishers")
%@string(jpr = "Journal of Physical Radium")
%@string{jpc = "Journal of Physical Chemistry"}
%@string{jacs = "Journal of the American Chemical Society"}
%@string{jcs = "Journal of the Chemical Society"}
%@string{chemcom = "Chemical Communications"}
%@string{angewi = "Angewandte Chemie International Edition"}
%@string{tca = "Theoretica Chimica Acta"}
%@string{jqc = "Journal of Quantum Chemistry"}
%@string{euro = "Chemistry a European Journal"}
%@string{ap = "Academic Press"}
%@string{cpl = "Chemical Physics Letters"}
%@string{chemlett="Chem. Lett."}
%@string{molphys = "Molecular Physics"}
%@string{pac = "Pure and Applied Chemistry"}
%@string{nonsens = "Journal of Pure And Applied Nonsens "}
%@string{jpoc = "Journal of Physical Organic Chemistry"}
%@string{tetra = "Tetrahedron"}
%@string{physrevb = "Physical Review B" }
%@string{roy = "Philosophical Transactions Royal(?)" }

@string{ijqc = "Int. J. Quant. Chem."}
@string{cup = "Cambridge University Press"}
@string{oxford = "Oxford University Press"}
@string{hcp = "Harper Collins Publishers"}
@string{jpr = "J. Phys. Radium"}
@string{jpc = "J. Phys. Chem."}
@string{jpca = "J. Phys. Chem. A"}
@string{jpcb = "J. Phys. Chem. B"}
@string{pccp = "Phys. Chem. Chem. Phys."}
@string{jacs = "J. Am. Chem. Soc."}
@string{jcs = "J. Chem. Soc."}
@string{ijmpb = "Int. J. Mod. Phys. B"}
@string{chemcom = "Chem. Comm."}
@string{angewi = "Angew. Chem. Int. Ed."}
@string{tca = "Theoret. Chim. Acta"}
@string{jqc = "J. Quant. Chem."}
@string{ejp = "Eur. J. Phys"}
@string{euro = "Chem. Eur. J."}
@string{ap = "Academic Press"}
@string{cpl = "Chem. Phys. Letters"}
@string{molphys = "Mol. Phys."}
@string{pac = "Pure Appl. Chem."}
@string{nonsens = "Journal of Pure And Applied Nonsens "}
@string{tetra = "Tetrahedron"}
@string{tetralett = "Tetrahedron Letters"}
@string{physrevb = "Phys. Rev. B" }
@string{roy = "Phil. Trans. Roy." }
@string{jpoc = "J. Phys. Org. Chem." }
@string{dover = "Dover Publications" }
@string{pccp = "Phys. Chem. Chem. Phys."}
@string{jpcb = "J. Phys. Chem. B"}
@string{pssb = "Phys. Stat. Sol. B"}
@string{springer = "Springer-Verlag"}
@string{wsci = "World Scientific"}


%hier beginnt Promotion
@article{stephens1985theory,
  title={Theory of vibrational circular dichroism},
  author={Stephens, Philip J},
  journal=jpc,
  volume={89},
  number={5},
  pages={748--752},
  year={1985},
  publisher={ACS Publications}
}
@article{stephens1985vibrational,
  title={Vibrational circular dichroism},
  author={Stephens, PJ and Lowe, MA},
  journal=annrevpc,
  volume={36},
  number={1},
  pages={213--241},
  year={1985},
  publisher={Annual Reviews 4139 El Camino Way, PO Box 10139, Palo Alto, CA 94303-0139, USA}
}
@article{ditchfield1974self,
  title={Self-consistent perturbation theory of diamagnetism: I. A gauge-invariant LCAO method for NMR chemical shifts},
  author={Ditchfield, Robert},
  journal=molphys,
  volume={27},
  number={4},
  pages={789--807},
  year={1974},
  publisher={Taylor \& Francis}
}
@article{london1937theorie,
  title={Th{\'e}orie quantique des courants interatomiques dans les combinaisons aromatiques},
  author={London, Fritz},
  journal=jpr,
  volume={8},
  number={10},
  pages={397--409},
  year={1937}
}
@article{deglmann2002efficient,
  title={An efficient implementation of second analytical derivatives for density functional methods},
  author={Deglmann, Peter and Furche, Filipp and Ahlrichs, Reinhart},
  journal=cpl,
  volume={362},
  number={5-6},
  pages={511--518},
  year={2002},
  publisher={Elsevier}
}
@article{born1927quantentheorie,
  title={Zur quantentheorie der molekeln},
  author={Born, Max and Oppenheimer, Robert},
  journal=annphys,
  volume={389},
  number={20},
  pages={457--484},
  year={1927},
  publisher={Wiley Online Library}
}
@book{slater1974self,
  title={The self-consistent field for molecules and solids},
  author={Slater, John Clarke},
  volume={4},
  year={1974},
  publisher={McGraw-Hill}
}
@article{macdonald1933successive,
  title={Successive approximations by the Rayleigh-Ritz variation method},
  author={MacDonald, JKL},
  journal=physrev,
  volume={43},
  number={10},
  pages={830},
  year={1933},
  publisher={APS}
}
@book{jensen2009introduction,
title = {Introduction to computational chemistry},
author = {Jensen, Frank},
address = {Chichester},
publisher = {Wiley},
year = {2009}
}
@book{szabo1982modern,
title = {Modern quantum chemistry : introduction to advanced electronic structure theory},
author = {Szabo, Attila and Ostlund, Neil S.},
address = {New York},
publisher = {Macmillan},
year = {1982},
isbn = {0-02-949710-8},
size = {XVI, 446 S.}
}
@article{hohenberg1964inhomogeneous,
  title={Inhomogeneous electron gas},
  author={Hohenberg, Pierre and Kohn, Walter},
  journal=physrev,
  volume={136},
  number={3B},
  pages={B864},
  year={1964},
  publisher={APS}
}
@article{kohn1965self,
  title={Self-consistent equations including exchange and correlation effects},
  author={Kohn, Walter and Sham, Lu Jeu},
  journal=physrev,
  volume={140},
  number={4A},
  pages={A1133},
  year={1965},
  publisher={APS}
}
@phdthesis{treutlerphdthesis,
    title    = {Entwicklung und Anwendung von Dichtefunktionalmethoden},
    school   = {Universität Karlsruhe},
    author   = {Treutler, Olliver},
    year     = {1995}, %other attributes omitted
}
@thesis{baron1991,
type={Diplomarbeit},
title    = {Entwicklung und eines Programms zur Berechnung chemischer Verschiebungen},
school   = {Universität Karlsruhe},
author   = {Baron, Hans-Peter},
year     = {1991}, %other attributes omitted
}
@article{van2012use,
  title={On the use of effective core potentials in the calculation of magnetic properties, such as magnetizabilites and magnetic shieldings},
  author={van W{\"u}llen, Christoph},
  journal=jcp,
  volume={136},
  number={11},
  pages={114110},
  year={2012},
  publisher={AIP}
}
@article{pople1979derivative,
  title={Derivative studies in hartree-fock and m{\o}ller-plesset theories},
  author={Pople, J\_A and Krishnan, R and Schlegel, HB and Binkley, J S\_},
  journal=ijqc,
  volume={16},
  number={S13},
  pages={225--241},
  year={1979},
  publisher={Wiley Online Library}
}
@phdthesis{weigendphdthesis,
    title    = {RI-Methoden in der MP2-Störungsrechnung: Theorie, Implementierung und Anwendung},
    school   = {Universität Karlsruhe},
    author   = {Weigend, Florian},
    year     = {1999}, %other attributes omitted
}
@article{gerratt1968force,
  title={Force Constants and Dipole-Moment Derivatives of Molecules from Perturbed Hartree--Fock Calculations. I},
  author={Gerratt, J and Mills, Ian M},
  journal=jcp,
  volume={49},
  number={4},
  pages={1719--1729},
  year={1968},
  publisher={AIP}
}
%uncoupled dft
@article{bieger1985lcao,
  title={LCAO X$\alpha$ calculations of nuclear magnetic shielding in molecules},
  author={Bieger, W and Seifert, G and Eschrig, H and Grossmann, G},
  journal=cpl,
  volume={115},
  number={3},
  pages={275--280},
  year={1985},
  publisher={Elsevier}
}

@article{buhl1999dft,
  title={The DFT route to NMR chemical shifts},
  author={B{\"u}hl, Michael and Kaupp, Martin and Malkina, Olga L and Malkin, Vladimir G},
  journal=jcc,
  volume={20},
  number={1},
  pages={91--105},
  year={1999},
  publisher={Wiley Online Library}
}
@article{rajagopal1973inhomogeneous,
  title={Inhomogeneous electron gas},
  author={Rajagopal, AK and Callaway, J},
  journal=prb,
  volume={7},
  number={5},
  pages={1912},
  year={1973},
  publisher={APS}
}
@article{lee1995density,
  title={The density functional calculation of nuclear shielding constants using London atomic orbitals},
  author={Lee, Aaron M and Handy, Nicholas C and Colwell, Susan M},
  journal=jcp,
  volume={103},
  number={23},
  pages={10095--10109},
  year={1995},
  publisher={AIP}
}
@article{vignale1988current,
  title={Current-and spin-density-functional theory for inhomogeneous electronic systems in strong magnetic fields},
  author={Vignale, G and Rasolt, Mark},
  journal=prb,
  volume={37},
  number={18},
  pages={10685},
  year={1988},
  publisher={APS}
}
@article{vignale1987density,
  title={Density-functional theory in strong magnetic fields},
  author={Vignale, G and Rasolt, Mark},
  journal=prl,
  volume={59},
  number={20},
  pages={2360},
  year={1987},
  publisher={APS}
}
@article{malkin1993calculations,
  title={Calculations of NMR shielding constants by uncoupled density functional theory},
  author={Malkin, VG and Malkina, OL and Salahub, DR},
  journal=cpl,
  volume={204},
  number={1-2},
  pages={80--86},
  year={1993},
  publisher={Elsevier}
}
@article{maximoff2004nuclear,
  title={Nuclear magnetic resonance shielding tensors calculated with kinetic energy density-dependent exchange-correlation functionals},
  author={Maximoff, Sergey N and Scuseria, Gustavo E},
  journal=cpl,
  volume={390},
  number={4-6},
  pages={408--412},
  year={2004},
  publisher={Elsevier}
}

@article{whitten1973coulombic,
  title={Coulombic potential energy integrals and approximations},
  author={Whitten, Jerry L},
  journal=jcp,
  volume={58},
  number={10},
  pages={4496--4501},
  year={1973},
  publisher={AIP}
}
@article{dunlap1979some,
  title={On some approximations in applications of X $\alpha$ theory},
  author={Dunlap, Brett I and Connolly, JWD and Sabin, JR},
  journal=jcp,
  volume={71},
  number={8},
  pages={3396--3402},
  year={1979},
  publisher={AIP}
}
@article{vahtras1993integral,
  title={Integral approximations for LCAO-SCF calculations},
  author={Vahtras, O and Alml{\"o}f, J and Feyereisen, MW},
  journal=cpl,
  volume={213},
  number={5-6},
  pages={514--518},
  year={1993},
  publisher={Elsevier}
}

@article{eichkorn1995auxiliary,
  title={Auxiliary basis sets to approximate Coulomb potentials},
  author={Eichkorn, Karin and Treutler, Oliver and {\"O}hm, Holger and H{\"a}ser, Marco and Ahlrichs, Reinhart},
  journal=cpl,
  volume={240},
  number={4},
  pages={283--290},
  year={1995},
  publisher={Elsevier}
}

@thesis{mack2017,
type={Masterarbeit},
title    = {Chemische Abschirmungskonstanten mit meta-GGA-Funktionalen: Implementierung und Testrechnungen},
school   = {Karlsruher Institut für Technologie},
author   = {Mack, Fabian},
year     = {2017}, %other attributes omitted
}

@article{klamt1993cosmo,
  title={COSMO: a new approach to dielectric screening in solvents with explicit expressions for the screening energy and its gradient},
  author={Klamt, Andreas and Sch{\"u}{\"u}rmann, GJGJ},
  journal=jcspt2,
  number={5},
  pages={799--805},
  year={1993},
  publisher={Royal Society of Chemistry}
}
%hier endet Promotion























@article{melaimi2010stable,
  title={Stable cyclic carbenes and related species beyond diaminocarbenes},
  author={Melaimi, Mohand and Soleilhavoup, Mich{\`e}le and Bertrand, Guy},
  journal={Angewandte Chemie International Edition},
  volume={49},
  number={47},
  pages={8810--8849},
  year={2010},
  publisher={Wiley Online Library}
}

@article{nussbaum2013efficient,
  title={Efficient electronic communication of two ruthenium centers through a rigid ditopic N-heterocyclic carbene linker},
  author={Nussbaum, Michael and Schuster, Oliver and Albrecht, Martin},
  journal={Chemistry-A European Journal},
  volume={19},
  number={51},
  pages={17517--17527},
  year={2013},
  publisher={Wiley Online Library}
}

@article{gusev2013tolman,
  title={The Tolman electronic parameter (TEP) and the metal--metal electronic communication in ditopic NHC complexes},
  author={Gusev, Dmitry G and Peris, Eduardo},
  journal={Dalton Transactions},
  volume={42},
  number={20},
  pages={7359--7364},
  year={2013},
  publisher={Royal Society of Chemistry}
}

@misc{TURBOMOLE,
title = {{TURBOMOLE V7.0 2015}, a development of {University of Karlsruhe} and
{Forschungszentrum Karlsruhe GmbH}, 1989-2007,
{TURBOMOLE GmbH}, since 2007; available from \\
{\texttt{http://www.turbomole.com}}.}}

@article{grimme2010consistent,
  title={A consistent and accurate ab initio parametrization of density functional dispersion correction (DFT-D) for the 94 elements H-Pu},
  author={Grimme, Stefan and Antony, Jens and Ehrlich, Stephan and Krieg, Helge},
  journal=jcp,
  volume={132},
  number={15},
  pages={154104},
  year={2010},
  publisher={AIP Publishing}
}

@article{born1927quantentheorie,
  title={Zur Quantentheorie der Molekeln},
  author={Born, Max and Oppenheimer, Robert},
  journal=annphys,
  volume={389},
  number={20},
  pages={457--484},
  year={1927},
  publisher={Wiley Online Library}
}

@book{slater1974self,
  title={The self-consistent field for molecules and solids},
  author={Slater, John Clarke},
  volume={4},
  year={1974},
  publisher={McGraw-Hill New York}
}

@book{szabo1982modern,
title = {Modern quantum chemistry : introduction to advanced electronic structure theory},
author = {Szabo, Attila and Ostlund, Neil S.},
address = {New York},
publisher = {Macmillan},
year = {1982},
isbn = {0-02-949710-8},
size = {XVI, 446 S.},
keywords = { ; Quantenchemie ; Quantenchemie / Einführung},
bestand = {Universitätsbibliothek Tübingen <21> [Signatur: 23 A 16594];
Universität Tübingen, Fachbibliothek Mathematik und Physik <21/98> [Signatur: Szab];
Universität Konstanz, Kommunikations-, Informations-, Medienzentrum (KIM) <352> [Signatur: che 124/s98];
Karlsruher Institut für Technologie (KIT) - KIT-Bibliothek <90> [Signatur: 83 A 3530];
Universitätsbibliothek Stuttgart <93>;
Max-Planck-Institute Stuttgart, Bibliothek <Stg 113> [Signatur: VE 5650 S996];
},
}

@book{jensen2009introduction,
title = {Introduction to computational chemistry},
author = {Jensen, Frank},
address = {Chichester},
publisher = {Wiley},
year = {2009},
}

@article{macdonald1933successive,
  title={Successive approximations by the Rayleigh-Ritz variation method},
  author={MacDonald, JKL},
  journal={Physical Review},
  volume={43},
  number={10},
  pages={830},
  year={1933},
  publisher={APS}
}

@article{hohenberg1964inhomogeneous,
  title={Inhomogeneous electron gas},
  author={Hohenberg, Pierre and Kohn, Walter},
  journal={Physical review},
  volume={136},
  number={3B},
  pages={B864},
  year={1964},
  publisher={APS}
}

@book{parr1989density,
  title={Density-functional theory of atoms and molecules},
  author={Parr, Robert G and Yang, Weitao},
  volume={16},
  year={1989},
  publisher={Oxford university press}
}

@book{koch2001chemist,
  title={A chemist's guide to density functional theory},
  author={Koch, Wolfram and Holthausen, Max C and Holthausen, Max C},
  volume={2},
  year={2001},
  publisher={Wiley-Vch Weinheim}
}

@article{kohn1965self,
  title={Self-consistent equations including exchange and correlation effects},
  author={Kohn, Walter and Sham, Lu Jeu},
  journal={Physical Review},
  volume={140},
  number={4A},
  pages={A1133},
  year={1965},
  publisher={APS}
}

@article{fermi1928statistical,
  title={A statistical method for the determination of some atomic properties and the application of this method to the theory of the periodic system of elements},
  author={Fermi, Enrico},
  journal={Z. Phys},
  volume={48},
  number={73-79},
  pages={9},
  year={1928}
}

@inproceedings{fermi1927zeit,
  title={Zeit F. Physik 48, 73 (1928) LH Thomas},
  author={Fermi, E},
  booktitle={Proc. Camb. Phil. Soc},
  volume={23},
  pages={542},
  year={1927}
}

@article{thomas1927calculation,
author = {Thomas,L. H.},
title = {The calculation of atomic fields},
journal = {Mathematical Proceedings of the Cambridge Philosophical Society},
volume = {23},
year = {1927},
issn = {1469-8064},
pages = {542--548},
numpages = {7},
}


@article{bloch1929bemerkung,
  title={Bemerkung zur Elektronentheorie des Ferromagnetismus und der elektrischen Leitf{\"a}higkeit},
  author={Bloch, F},
  journal={Zeitschrift f{\"u}r Physik},
  volume={57},
  number={7-8},
  pages={545--555},
  year={1929},
  publisher={Springer}
}


@article{dirac1930note,
author = {Dirac,P. A. M.},
title = {Note on Exchange Phenomena in the Thomas Atom},
journal = {Mathematical Proceedings of the Cambridge Philosophical Society},
volume = {26},
year = {1930},
issn = {1469-8064},
pages = {376--385},
numpages = {10},
}

@article{dirac1929quantum,
title = {Quantum mechanics of many-electron systems},
author = {Dirac, P. A. M.},
journal = {Proceedings of the Royal Society of London},
volume = {123},
number = {792},
pages = {714--733},
year = {1929},
publisher = {The Royal Society},
}

@article{slater1951simplification,
  title={A simplification of the Hartree-Fock method},
  author={Slater, John C},
  journal={Physical Review},
  volume={81},
  number={3},
  pages={385},
  year={1951},
  publisher={APS}
}

@article{vosko1980accurate,
  title={Accurate spin-dependent electron liquid correlation energies for local spin density calculations: a critical analysis},
  author={Vosko, SH and Wilk, Ll and Nusair, M},
  journal={Canadian Journal of physics},
  volume={58},
  number={8},
  pages={1200--1211},
  year={1980},
  publisher={NRC Research Press}
}

@article{becke1988density,
  title={Density-functional exchange-energy approximation with correct asymptotic behavior},
  author={Becke, Axel D},
  journal={Physical review A},
  volume={38},
  number={6},
  pages={3098},
  year={1988},
  publisher={APS}
}

@article{perdew1986density,
  title={Density-functional approximation for the correlation energy of the inhomogeneous electron gas},
  author={Perdew, John P},
  journal={Physical Review B},
  volume={33},
  number={12},
  pages={8822},
  year={1986},
  publisher={APS}
}

@article{perdew1992accurate,
  title={Accurate and simple analytic representation of the electron-gas correlation energy},
  author={Perdew, John P and Wang, Yue},
  journal={Physical Review B},
  volume={45},
  number={23},
  pages={13244},
  year={1992},
  publisher={APS}
}

@article{perdew1996generalized,
  title={Generalized gradient approximation made simple},
  author={Perdew, John P and Burke, Kieron and Ernzerhof, Matthias},
  journal={Physical review letters},
  volume={77},
  number={18},
  pages={3865},
  year={1996},
  publisher={APS}
}

@article{tao2003climbing,
  title={Climbing the density functional ladder: Nonempirical meta--generalized gradient approximation designed for molecules and solids},
  author={Tao, Jianmin and Perdew, John P and Staroverov, Viktor N and Scuseria, Gustavo E},
  journal={Physical Review Letters},
  volume={91},
  number={14},
  pages={146401},
  year={2003},
  publisher={APS}
}

@article{becke1993density,
  title={Density-functional thermochemistry. III. The role of exact exchange},
  author={Becke, Axel D},
  journal={The Journal of chemical physics},
  volume={98},
  number={7},
  pages={5648--5652},
  year={1993},
  publisher={AIP Publishing}
}

@article{lee1988development,
  title={Development of the Colle-Salvetti correlation-energy formula into a functional of the electron density},
  author={Lee, Chengteh and Yang, Weitao and Parr, Robert G},
  journal={Physical review B},
  volume={37},
  number={2},
  pages={785},
  year={1988},
  publisher={APS}
}

@article{perdew1996rationale,
  title={Rationale for mixing exact exchange with density functional approximations},
  author={Perdew, John P and Ernzerhof, Matthias and Burke, Kieron},
  journal={The Journal of Chemical Physics},
  volume={105},
  number={22},
  pages={9982--9985},
  year={1996},
  publisher={AIP Publishing}
}


@article{staroverov2003comparative,
  title={Comparative assessment of a new nonempirical density functional: Molecules and hydrogen-bonded complexes},
  author={Staroverov, Viktor N and Scuseria, Gustavo E and Tao, Jianmin and Perdew, John P},
  journal={The Journal of chemical physics},
  volume={119},
  number={23},
  pages={12129--12137},
  year={2003},
  publisher={AIP Publishing}
}

@article{vahtras1993integral,
  title={Integral approximations for LCAO-SCF calculations},
  author={Vahtras, O and Alml{\"o}f, J and Feyereisen, MW},
  journal={Chemical Physics Letters},
  volume={213},
  number={5},
  pages={514--518},
  year={1993},
  publisher={Elsevier}
}

@article{eichkorn1995auxiliary,
  title={Auxiliary basis sets to approximate coulomb potentials},
  author={Eichkorn, Karin and Treutler, Oliver and {\"O}hm, Holger and H{\"a}ser, Marco and Ahlrichs, Reinhart},
  journal={Chemical physics letters},
  volume={240},
  number={4},
  pages={283--290},
  year={1995},
  publisher={Elsevier}
}

@book{atkins2011molecular,
  title={Molecular quantum mechanics},
  author={Atkins, Peter W and Friedman, Ronald S},
  year={2011},
  publisher={Oxford university press}
}

@book{demtroeder2010experimentalphysik,
title = {Experimentalphysik},
volume = {3: Atome, Moleküle und Festkörper},
author = {Demtröder, Wolfgang},
address = {Berlin},
publisher = {Springer},
year = {2010},
}

%NPA
@article{reed1985natural, 
  title={Natural population analysis},
  author={Reed, Alan E and Weinstock, Robert B and Weinhold, Frank},
  journal={The Journal of Chemical Physics},
  volume={83},
  number={2},
  pages={735--746},
  year={1985},
  publisher={AIP Publishing}
}

%Mulliken
@article{mulliken1955electronic,
  title={Electronic population analysis on LCAO--MO molecular wave functions. I},
  author={Mulliken, Robert S},
  journal={The Journal of Chemical Physics},
  volume={23},
  number={10},
  pages={1833--1840},
  year={1955},
  publisher={AIP Publishing}
}

@article{singh1984approach,
  title={An approach to computing electrostatic charges for molecules},
  author={Singh, U Chandra and Kollman, Peter A},
  journal={Journal of Computational Chemistry},
  volume={5},
  number={2},
  pages={129--145},
  year={1984},
  publisher={Wiley Online Library}
}

%Basissätze
@article{weigend1998ri,
  title={RI-MP2: optimized auxiliary basis sets and demonstration of efficiency},
  author={Weigend, Florian and H{\"a}ser, Marco and Patzelt, Holger and Ahlrichs, Reinhart},
  journal={Chemical physics letters},
  volume={294},
  number={1},
  pages={143--152},
  year={1998},
  publisher={Elsevier}
}

@article{weigend2005balanced,
  title={Balanced basis sets of split valence, triple zeta valence and quadruple zeta valence quality for H to Rn: design and assessment of accuracy},
  author={Weigend, Florian and Ahlrichs, Reinhart},
  journal={Physical Chemistry Chemical Physics},
  volume={7},
  number={18},
  pages={3297--3305},
  year={2005},
  publisher={Royal Society of Chemistry}
}

@article{andrae1990energy,
  title={Energy-adjustedab initio pseudopotentials for the second and third row transition elements},
  author={Andrae, D and Haeussermann, U and Dolg, M and Stoll, H and Preuss, H},
  journal={Theoretica chimica acta},
  volume={77},
  number={2},
  pages={123--141},
  year={1990},
  publisher={Springer}
}

@article{peterson2003systematically,
  title={Systematically convergent basis sets with relativistic pseudopotentials. II. Small-core pseudopotentials and correlation consistent basis sets for the post-d group 16--18 elements},
  author={Peterson, Kirk A and Figgen, Detlev and Goll, Erich and Stoll, Hermann and Dolg, Michael},
  journal={The Journal of chemical physics},
  volume={119},
  number={21},
  pages={11113--11123},
  year={2003},
  publisher={AIP Publishing}
}

@article{cordero2008covalent,
  title={Covalent radii revisited},
  author={Cordero, Beatriz and Gomez, Veronica and Platero-Prats, Ana E and Reves, Marc and Echeverria, Jorge and Cremades, Eduard and Barragan, Flavia and Alvarez, Santiago},
  journal={Dalton Transactions},
  number={21},
  pages={2832--2838},
  year={2008},
  publisher={Royal Society of Chemistry}
}

@article{armbruster2011triangulo,
  title={A triangulo palladium cluster consisting of $\mu$ 3-capping silyl ligands},
  author={Armbruster, Felix and Meyer, Jens and Baldes, Alexander and Burgos, Pascual O{\~n}a and Fern{\'a}ndez, Ignacio and Breher, Frank},
  journal={Chemical Communications},
  volume={47},
  number={1},
  pages={221--223},
  year={2011},
  publisher={Royal Society of Chemistry}
}

@article{cameron1999electron,
  title={Electron transport in a conjugated metallopolymer containing binuclear osmium centers with strong electronic communication},
  author={Cameron, Colin G and Pickup, Peter G},
  journal={Journal of the American Chemical Society},
  volume={121},
  number={33},
  pages={7710--7711},
  year={1999},
  publisher={ACS Publications}
}

@misc{dorner2010einblicke,
author = {Dorner, Franziska},
title = {Einblicke in die Reaktivität des neuartigen Liganden Tris(3,5-dimethyl-pyrazolyl)fluoroborat am Beispiel zweier Kupfer-Koordinationsverbindungen},
school = {Karlsruher Institut für Technologie},
year = {2010},
type = {Diplomarbeit}
}







%Bschelorarbeit
@article{vmd,
  author={William Humphrey and Andrew Dalke and Klaus Schulten},
  title={{VMD} -- {V}isual {M}olecular {D}ynamics},
  journal={J. Mol. Graphics},
  year=1996,
  volume=14,
  pages={33-38},
  note={},
  tbstatus={Published.},
  techrep={},
  tbreference={222},
}

@book{SWB-377688746,
title = {Physikalische Chemie},
volume = {[Hauptbd.]: },
editor = {Atkins, Peter W. and De Paula, Julio},
address = {Weinheim},
publisher = {Wiley-VCH},
year = {2013},
edition = {5. Aufl.},
isbn = {978-3-527-33247-2; 3-527-33247-2; 978-3-527-33568-8},
size = {XXXIV, 1036 S. : Ill., graph. Darst. ; 29 cm},
note = {Wird auch zusammen mit dem Arbeitsbuch Physikalische Chemie von Trapp, Charles A ... als Set angeboten},
bestand = {Universitätsbibliothek Tübingen <21> [Signatur: 53 B 317-HBD];
Universitätsbibliothek Freiburg <25> [Signatur: LS: Chem 10/26-1];
Universität Freiburg, Fakultätsbibliothek Chemie und Pharmazie <25/15> [Signatur: Frei 15: PC 2/19f];
Universität Freiburg, Fakultätsbibliothek Biologie II und III <25/16> [Signatur: Frei 16: CH 2/36a];
Universität des Saarlandes, INM - Leibniz-Institut f. Neue Materialien gGmbH <291/415> [Signatur: VE 5010 A874(5)];
Saarländische Universitäts- und Landesbibliothek <291> [Signatur: 02/VE 5010 A874-1(5)];
Sächsische Landesbibliothek - Staats- und Universitätsbibliothek <14>;
Universitätsbibliothek Konstanz <352>;
Universitätsbibliothek Heidelberg <16> [Signatur: LN-S1-7897];
Universität Heidelberg, Bibliothek der Chemischen Institute <16/2> [Signatur: PC Lb: Atkins '13];
Karlsruher Institut für Technologie (KIT) - KIT-Bibliothek <90> [Signatur: 87 E 689-H(5)];
Universitätsbibliothek Stuttgart <93>;
Badische Landesbibliothek <31>;
Universitätsbibliothek Chemnitz <Ch 1>;
Kommunikations- u. Informationszentrum Universität Ulm (kiz) <289> [Signatur: QD 453/2013 A-1];
Kommunikations-, Informations- und Medienzentrum der Universität Hohenheim <100> [Signatur: VE 5010 A874 D4-1(5)];
Hochschulbibliothek Heilbronn <840> [Signatur: 541. ATK];
Hochschule für Technik, Wirtschaft und Kultur Leipzig <L 189>;
Hochschulbibliothek Konstanz - <Kon 4> [Signatur: cb/19/I];
Hochschule Mannheim, Hochschulbibliothek <953> [Signatur: C II 3905];
Hochschule Furtwangen, Bibliothek Campus Schwenningen <Fn 1/VS>;
Hochschule Aalen <944> [Signatur: 541.1 Atk];
},
URL = {http://deposit.d-nb.de/cgi-bin/dokserv?id=4183199&prov=M&dok_var=1&dok_ext=htm ; http://swbplus.bsz-bw.de/bsz377688746cov.htm},
}

@book{SWB-096192623,
title = {Einf{\"u}hrung in die Theoretische Chemie},
author = {Kutzelnigg, Werner},
address = {Weinheim},
publisher = {Wiley-VCH},
year = {2002},
edition = {Kompaktausg.},
isbn = {3-527-30609-9; 978-3-527-30609-1},
size = {XXIII, 566, 41 S. : graph. Darst.},
keywords = { ; Theoretische Chemie / Lehrbuch},
note = {Fr{\"u}here Ausg. zweibd.; brosch.},
bestand = {Universitätsbibliothek Tübingen <21> [Signatur: chem H 1002];
Universität Freiburg, Fakultätsbibliothek Chemie und Pharmazie <25/15> [Signatur: Frei 15: PC 400/2a];
Universität des Saarlandes <291/417> [Signatur: 80/VE 5010 K976];
Saarländische Universitäts- und Landesbibliothek <291> [Signatur: DK 180 KA];
Sächsische Landesbibliothek - Staats- und Universitätsbibliothek <14>;
Universität Mannheim, Universitätsbibliothek <180>;
Universitätsbibliothek Leipzig <15>;
Universitätsbibliothek Heidelberg <16> [Signatur: LN-S1-6738];
Universität Heidelberg, Bibliothek der Chemischen Institute <16/2> [Signatur: TC LB: Kutzelnigg '02];
Karlsruher Institut für Technologie (KIT) - KIT-Bibliothek <90> [Signatur: 2002 A 352];
KIT, Campus Süd, Institut für Physikalische Chemie <90/35>;
Universitätsbibliothek Stuttgart <93> [Signatur: 5H 2592];
Badische Landesbibliothek <31> [Signatur: 102 A 3920];
Universitätsbibliothek Chemnitz <Ch 1>;
Kommunikations-, Informations- und Medienzentrum der Universität Hohenheim <100>;
TU Bergakademie Freiberg, Universitätsbibliothek <105> [Signatur: 02.7883 8.];
Hochschule Mannheim, Hochschulbibliothek <953> [Signatur: C II 1911];
Helmholtz-Zentrum Dresden - Rossendorf e. V. <D 120>;
Hochschule Aalen <944> [Signatur: 541 Kut];
Berufsakademie Sachsen, Staatliche Studienakademie Riesa <Rs 1>;
Max-Planck-Institut für chemische Physik fester Stoffe <D 210> [Signatur: 08 A 087];
},
URL = {http://swbplus.bsz-bw.de/bsz096192623cov.htm ; http://www.gbv.de/dms/ilmenau/toc/341196800.PDF},
}

@article{hohenberg,
  title = {Inhomogeneous Electron Gas},
  author = {Hohenberg, P. and Kohn, W.},
  journal = {Phys. Rev.},
  volume = {136},
  issue = {3B},
  pages = {B864--B871},
  year = {1964},
  month = {Nov},
  doi = {10.1103/PhysRev.136.B864},
  url = {http://link.aps.org/doi/10.1103/PhysRev.136.B864},
  publisher = {American Physical Society}
}

@article{kohn,
  title = {Self-Consistent Equations Including Exchange and Correlation Effects},
  author = {Kohn, W. and Sham, L. J.},
  journal = {Phys. Rev.},
  volume = {140},
  issue = {4A},
  pages = {A1133--A1138},
  year = {1965},
  month = {Nov},
  doi = {10.1103/PhysRev.140.A1133},
  url = {http://link.aps.org/doi/10.1103/PhysRev.140.A1133},
  publisher = {American Physical Society}
}

@book{parr,
title = {Density-functional theory of atoms and molecules},
series = {The international series of monographs on chemistry ; 16},
author = {Parr, Robert G. and Yang, Weitao},
address = {New York},
publisher = {Oxford Univ. Pr. [u.a.]},
year = {1994},
edition = {1. iss. paperback},
isbn = {0-19-509276-7; 0-19-504279-4},
size = {IX, 333 S.},
keywords = { ; Density functionals / Quantum chemistry / Quantum theory ; Dichtefunktionalformalismus / Elektronenstruktur / Quantenchemie / Quantentheorie},
bestand = {Universitätsbibliothek Tübingen <21> [Signatur: 46 A 2581];
Universität Freiburg, Fakultätsbibliothek Physik <25/34> [Signatur: Frei 34: MoA 213];
Universität Freiburg, Freiburger Materialforschungszentrum <25/113> [Signatur: Frei 113: Ph 501.7];
Universität des Saarlandes <291/417>;
Sächsische Landesbibliothek - Staats- und Universitätsbibliothek <14> [Signatur: 1997 8 021865];
Universitätsbibliothek Konstanz <352> [Signatur: phy 424/p17a];
Universitätsbibliothek Leipzig <15>;
Universität Heidelberg, Bibliothek der Chemischen Institute <16/2> [Signatur: TC Bind: Parr '94];
KIT, Campus Süd, TKM-TFP-Bibliothek <90/27>;
KIT, Campus Süd, Institut für Mechanische <90/119>;
Kommunikations- u. Informationszentrum Universität Ulm (kiz) <289> [Signatur: QC 176.8.E4/1994 P];
Oberwolfach, Mathematisches Forschungsinstitut Oberwolfach <Frei 3c> [Signatur: M/Parr, R];
Max-Planck-Institut für chemische Physik fester Stoffe <D 210> [Signatur: 98 A 173];
Max-Planck-Institut für Physik komplexer Systeme <D 206> [Signatur: UM 1200 PAR];
},
URL = {http://bvbr.bib-bvb.de:8991/F?func=service&doc_library=BVB01&doc_number=008255979&line_number=0001&func_code=DB_RECORDS&service_type=MEDIA},
}


@book{jensen,
title = {Introduction to computational chemistry},
author = {Jensen, Frank},
address = {Chichester},
publisher = {Wiley},
year = {1999},
isbn = {0-471-98425-6; 0-471-98085-40-471-98055-4},
size = {XVI, 429 S. : graph. Darst.},
keywords = { ; Computational chemistry},
bestand = {Universitätsbibliothek Tübingen <21> [Signatur: 38 A 16536];
Universität des Saarlandes, Fachrichtung Pharmazeutische Chemie <291/424> [Signatur: I 55];
Sächsische Landesbibliothek - Staats- und Universitätsbibliothek <14> [Signatur: 2001 4 010606];
Universitätsbibliothek Konstanz <352> [Signatur: che 117:n/j26];
Universitätsbibliothek Heidelberg <16> [Signatur: 99 H 245];
Karlsruher Institut für Technologie (KIT) - KIT-Bibliothek <90> [Signatur: 98 A 3374];
Universität Stuttgart, Institut für Theoretische Chemie <93/140> [Signatur: Ac 391];
Universität Stuttgart, Institut für Physikalische Chemie <93/31> [Signatur: D 4.56];
TU Bergakademie Freiberg, Universitätsbibliothek <105> [Signatur: 00.2200 8.];
Max-Planck-Institut für Physik komplexer Systeme <D 206> [Signatur: VC 6100 JEN];
},
URL = {http://www.gbv.de/dms/ilmenau/toc/248350196.PDF},
}

@article{bloch,
year={1929},
issn={0044-3328},
journal={Z. Phys.},
volume={57},
number={7-8},
doi={10.1007/BF01340281},
title={Bemerkung zur Elektronentheorie des Ferromagnetismus und der elektrischen Leitfähigkeit},
url={http://dx.doi.org/10.1007/BF01340281},
publisher={Springer-Verlag},
author={Bloch, F.},
pages={545-555},
language={German}
}

@article{dirac,
author = {Dirac,P. A. M.},
title = {Note on Exchange Phenomena in the Thomas Atom},
journal = {Math. Proc. Cambridge},
volume = {26},
issue = {03},
month = {7},
year = {1930},
issn = {1469-8064},
pages = {376--385},
numpages = {10},
doi = {10.1017/S0305004100016108},
URL = {http://journals.cambridge.org/article_S0305004100016108},
}

@article {born,
author = {Born, M. and Oppenheimer, R.},
title = {Zur Quantentheorie der Molekeln},
journal = {Ann. Phys.},
volume = {389},
number = {20},
publisher = {WILEY-VCH Verlag},
issn = {1521-3889},
url = {http://dx.doi.org/10.1002/andp.19273892002},
doi = {10.1002/andp.19273892002},
pages = {457--484},
year = {1927},
}

@book{kutzelnigg,
title = {Einführung in die Theoretische Chemie},
author = {Kutzelnigg, Werner},
address = {Weinheim},
publisher = {Wiley-VCH},
year = {2002},
edition = {Kompaktausg.},
isbn = {3-527-30609-9; 978-3-527-30609-1},
size = {XXIII, 566, 41 S. : graph. Darst.},
keywords = { ; Theoretische Chemie / Lehrbuch},
note = {Frühere Ausg. zweibd.; brosch.},
bestand = {Universitätsbibliothek Tübingen <21> [Signatur: chem H 1002];
Universität Freiburg, Fakultätsbibliothek Chemie und Pharmazie <25/15> [Signatur: Frei 15: PC 400/2a];
Universität des Saarlandes <291/417> [Signatur: 80/VE 5010 K976];
Saarländische Universitäts- und Landesbibliothek <291> [Signatur: DK 180 KA];
Sächsische Landesbibliothek - Staats- und Universitätsbibliothek <14>;
Universität Mannheim, Universitätsbibliothek <180>;
Universitätsbibliothek Leipzig <15>;
Universitätsbibliothek Heidelberg <16> [Signatur: LN-S1-6738];
Universität Heidelberg, Bibliothek der Chemischen Institute <16/2> [Signatur: TC LB: Kutzelnigg '02];
Karlsruher Institut für Technologie (KIT) - KIT-Bibliothek <90> [Signatur: 2002 A 352];
KIT, Campus Süd, Institut für Physikalische Chemie <90/35>;
Universitätsbibliothek Stuttgart <93> [Signatur: 5H 2592];
Badische Landesbibliothek <31> [Signatur: 102 A 3920];
Universitätsbibliothek Chemnitz <Ch 1>;
Kommunikations-, Informations- und Medienzentrum der Universität Hohenheim <100>;
TU Bergakademie Freiberg, Universitätsbibliothek <105> [Signatur: 02.7883 8.];
Hochschule Mannheim, Hochschulbibliothek <953> [Signatur: C II 1911];
Helmholtz-Zentrum Dresden - Rossendorf e. V. <D 120>;
Hochschule Aalen <944> [Signatur: 541 Kut];
Berufsakademie Sachsen, Staatliche Studienakademie Riesa <Rs 1>;
Max-Planck-Institut für chemische Physik fester Stoffe <D 210> [Signatur: 08 A 087];
},
URL = {http://swbplus.bsz-bw.de/bsz096192623cov.htm ; http://www.gbv.de/dms/ilmenau/toc/341196800.PDF},
}

@article{tpss,
  title = {Climbing the Density Functional Ladder: Nonempirical Meta-Generalized Gradient Approximation Designed for Molecules and Solids},
  author = {Tao, Jianmin and Perdew, John P. and Staroverov, Viktor N. and Scuseria, Gustavo E.},
  journal = {Phys. Rev. Lett.},
  volume = {91},
  issue = {14},
  pages = {146401},
  numpages = {4},
  year = {2003},
  month = {Sep},
  doi = {10.1103/PhysRevLett.91.146401},
  url = {http://link.aps.org/doi/10.1103/PhysRevLett.91.146401},
  publisher = {American Physical Society},
}

@book{cramer,
title = {Essentials of computational chemistry : theories and models},
author = {Cramer, Christopher J.},
address = {Chichester},
publisher = {Wiley},
year = {2006},
edition = {2. ed., repr. with corr.},
isbn = {0-470-09181-9; 978-0-470-09181-4; 0-470-09182-7; 978-0-470-09182-1},
size = {XX, 596 S. : graph. Darst.},
keywords = { ; Computational chemistry ; Theoretische Chemie / Quantenchemie / Datenverarbeitung},
note = {Includes bibliographical references and index / Hier auch später erschienene, unveränderte Nachdrucke},
bestand = {Karlsruher Institut für Technologie (KIT) - KIT-Bibliothek <90> [Signatur: 2003 A 1579(2)];
Universitätsbibliothek Stuttgart <93>;
},
}

@misc{wolf,
author = {Wolf, Silke},
note = {persönliche Mitteilung},
year = {2013}
}

@article{ecp1,
title = {Pseudopotential Calculations of Transition Metal Compounds: Scope and Limitations},
author = {Frenking, Gernot and Antes, Iris and Böhme, Marlis and Dapprich, Stefan and Ehlers, Andreas W. and Jonas, Volker and Neuhaus, Arndt and Otto, Michael and Stegmann, Ralf and Veldkamp, Achim and Vyboishchikov, Sergei F.},
journal = {Rev. Comput. Chem.},
volume = {8},
publisher = {John Wiley \& Sons, Inc.},
isbn = {9780470125854},
url = {http://dx.doi.org/10.1002/9780470125854.ch2},
doi = {10.1002/9780470125854.ch2},
pages = {63--144},
keywords = {transition metal compounds, pseudopotential calculations, methyl & phenyl compounds, chelate complexes, alkyne & vinylidene complexes},
booktitle = {Reviews in Computational Chemistry},
year = {1996},
}

@article {ecp2,
title = {Effective Core Potential Approaches to the Chemistry of the Heavier Elements},
author = {Cundari, Thomas R. and Benson, Michael T. and Lutz, M. Leigh and Sommerer, Shaun O.},
journal = {Rev. Comput. Chem.},
volume = {8},
publisher = {John Wiley \& Sons, Inc.},
isbn = {9780470125854},
url = {http://dx.doi.org/10.1002/9780470125854.ch3},
doi = {10.1002/9780470125854.ch3},
pages = {145--202},
keywords = {heavier elements, core potential methods, relativistic effective potentials, valence basis sets, earth metals, transitional methods},
booktitle = {Reviews in Computational Chemistry},
year = {1996},
}

@ARTICLE{hellmann,
   author = {{Hellmann}, H.},
    title = "{A New Approximation Method in the Problem of Many Electrons}",
  journal = {J. Chem. Phys.},
     year = 1935,
    month = jan,
   volume = 3,
    pages = {61},
      doi = {10.1063/1.1749559},
   adsurl = {http://adsabs.harvard.edu/abs/1935JChPh...3...61H},
  adsnote = {Provided by the SAO/NASA Astrophysics Data System},
}

@article{hay,
author = {P. Jeffrey Hay and Willard R. Wadt},
collaboration = {},
title = {Ab initio effective core potentials for molecular calculations. Potentials for the transition metal atoms Sc to Hg},
publisher = {AIP},
year = {1985},
journal = {J. Chem. Phys.},
volume = {82},
number = {1},
pages = {270-283},
keywords = {POTENTIALS; TRANSITION ELEMENTS; WAVE FUNCTIONS; ELECTRONIC STRUCTURE; VALENCE; ELECTRONS},
url = {http://link.aip.org/link/?JCP/82/270/1},
doi = {10.1063/1.448799},
}

@article{stevens,
author = {Stevens, Walter J. and Krauss, Morris and Basch, Harold and Jasien, Paul G.},
title = {Relativistic compact effective potentials and efficient, shared-exponent basis sets for the third-, fourth-, and fifth-row atoms},
journal = {Can. J. Chem.},
volume = {70},
number = {2},
pages = {612-630},
year = {1992},
doi = {10.1139/v92-085},

URL = {http://www.nrcresearchpress.com/doi/abs/10.1139/v92-085},
eprint = {http://www.nrcresearchpress.com/doi/pdf/10.1139/v92-085},
}

@article{pipek,
author = {J\'{a}nos Pipek and Paul G. Mezey},
collaboration = {},
title = {A fast intrinsic localization procedure applicable for ab initio and semiempirical linear combination of atomic orbital wave functions},
publisher = {AIP},
year = {1989},
journal = {J. Chem. Phys.},
volume = {90},
number = {9},
pages = {4916-4926},
keywords = {ALGORITHMS; AB INITIO CALCULATIONS; WAVE FUNCTIONS; ELECTRONIC STRUCTURE; LCAO METHOD; MOLECULES; MOLECULAR ORBITAL METHOD},
url = {http://link.aip.org/link/?JCP/90/4916/1},
doi = {10.1063/1.456588},
}

@article{boys,
  title = {Construction of Some Molecular Orbitals to Be Approximately Invariant for Changes from One Molecule to Another},
  author = {Boys, S. F.},
  journal = {Rev. Mod. Phys.},
  volume = {32},
  issue = {2},
  pages = {296--299},
  year = {1960},
  month = {Apr},
  doi = {10.1103/RevModPhys.32.296},
  url = {http://link.aps.org/doi/10.1103/RevModPhys.32.296},
  publisher = {American Physical Society},
}

@article{edmiston,
author = {Clyde Edmiston and Klaus Ruedenberg},
collaboration = {},
title = {Localized Atomic and Molecular Orbitals. II},
publisher = {AIP},
year = {1965},
journal = {J. Chem. Phys.},
volume = {43},
number = {10},
pages = {S97-S116},
url = {http://link.aip.org/link/?JCP/43/S97/1},
doi = {10.1063/1.1701520},
}

@Article{cosmo,
author ="Klamt, A. and Schüürmann, G.",
title  ="COSMO: a new approach to dielectric screening in solvents with explicit expressions for the screening energy and its gradient",
journal  ="J. Chem. Soc.{,} Perkin Trans. 2",
year  ="1993",
issue  ="5",
pages  ="799-805",
publisher  ="The Royal Society of Chemistry",
doi  ="10.1039/P29930000799",
url  ="http://dx.doi.org/10.1039/P29930000799",
abstract  ="Starting from the screening in conductors{,} an algorithm for the accurate calculation of dielectric screening effects in solvents is presented{,} which leads to rather simple explicit expressions for the screening energy and its analytic gradient with respect to the solute coordinates. Thus geometry optimization of a solute within a realistic dielectric continuum model becomes practicable for the first time. The algorithm is suited for molecular mechanics as well as for any molecular orbital algorithm. The implementation into MOPAC and some example applications are reported."},
}

@article{mulliken,
author = {R. S. Mulliken},
collaboration = {},
title = {Criteria for the Construction of Good Self-Consistent-Field Molecular Orbital Wave Functions, and the Significance of LCAO-MO Population Analysis},
publisher = {AIP},
year = {1962},
journal = {J. Chem. Phys.},
volume = {36},
number = {12},
pages = {3428-3439},
url = {http://link.aip.org/link/?JCP/36/3428/1},
doi = {10.1063/1.1732476}
}

@article{weinhold,
author = {Alan E. Reed and Frank Weinhold},
collaboration = {},
title = {Natural localized molecular orbitals},
publisher = {AIP},
year = {1985},
journal = {J. Chem. Phys.},
volume = {83},
number = {4},
pages = {1736-1740},
keywords = {MOLECULAR ORBITAL METHOD; CONFIGURATION INTERACTION; WAVE FUNCTIONS; ELECTRONIC STRUCTURE; MOLECULAR MODELS; SELFCONSISTENT FIELD},
url = {http://link.aip.org/link/?JCP/83/1736/1},
doi = {10.1063/1.449360}
}


@article{reed,
author = {Alan E. Reed and Robert B. Weinstock and Frank Weinhold},
collaboration = {},
title = {Natural population analysis@f[sup a]@f[sup )]},
publisher = {AIP},
year = {1985},
journal = {J. Chem. Phys.},
volume = {83},
number = {2},
pages = {735-746},
keywords = {WAVE FUNCTIONS; AB INITIO CALCULATIONS; SELFCONSISTENT FIELD; LITHIUM FLUORIDES; METHYL FLUORIDE; LITHIUM HYDROXIDES; MOLECULAR ORBITAL METHOD; ELECTRONIC STRUCTURE},
url = {http://link.aip.org/link/?JCP/83/735/1},
doi = {10.1063/1.449486},
}

@article{reed2,
  title={Intermolecular interactions from a natural bond orbital, donor-acceptor viewpoint},
  author={Reed, Alan E and Curtiss, Larry A and Weinhold, Frank},
  journal={Chem. Rev.},
  volume={88},
  number={6},
  pages={899--926},
  year={1988},
  publisher={ACS Publications},
}

@article{williams,
title = {Net Atomic Charge and Multipole Models for the ab Initio Molecular Electric Potential},
author = {Williams, Donald E.},
journal = {Rev. Comp. Ch.},
volume = {2},
isbn = {9780470125793},
url = {http://dx.doi.org/10.1002/9780470125793.ch6},
doi = {10.1002/9780470125793.ch6},
pages = {219--271},
booktitle = {Reviews in Computational Chemistry},
year = {1991},
}

@article {kollman,
author = {Singh, U. Chandra and Kollman, Peter A.},
title = {An approach to computing electrostatic charges for molecules},
journal = {J. Comput. Chem.},
volume = {5},
number = {2},
publisher = {John Wiley & Sons, Inc.},
issn = {1096-987X},
url = {http://dx.doi.org/10.1002/jcc.540050204},
doi = {10.1002/jcc.540050204},
pages = {129--145},
year = {1984},
}

@misc{cosmo2, 
    author = "{TURBOMOLE GmbH}", 
    title = "User's Manual - TURBOMOLE Version 6.4",
    page = {232},
    month = "April", 
    year = "2012", 
}

@article{tm2,
title = "Electronic structure calculations on workstation computers: The program system turbomole ",
journal = "Chem. Phys. Lett. ",
volume = "162",
number = "3",
pages = "165 - 169",
year = "1989",
note = "",
issn = "0009-2614",
doi = "http://dx.doi.org/10.1016/0009-2614(89)85118-8",
url = "http://www.sciencedirect.com/science/article/pii/0009261489851188",
author = "Reinhart Ahlrichs and Michael Bär and Marco Häser and Hans Horn and Christoph Kölmel"
}

@article{def-svp,
author = {Ansgar Schäfer and Hans Horn and Reinhart Ahlrichs},
collaboration = {},
title = {Fully optimized contracted Gaussian basis sets for atoms Li to Kr},
publisher = {AIP},
year = {1992},
journal = {J. Chem. Phys.},
volume = {97},
number = {4},
pages = {2571-2577},
keywords = {LITHIUM; KRYPTON; GROUND STATES; OPTIMIZATION; PARAMETRIC ANALYSIS; ATOMS; CALCULATION METHODS},
url = {http://link.aip.org/link/?JCP/97/2571/1},
doi = {10.1063/1.463096},
}

@article{2,
author = {Ansgar Schäfer and Christian Huber and Reinhart Ahlrichs},
collaboration = {},
title = {Fully optimized contracted Gaussian basis sets of triple zeta valence quality for atoms Li to Kr},
publisher = {AIP},
year = {1994},
journal = {J. Chem. Phys.},
volume = {100},
number = {8},
pages = {5829-5835},
keywords = {CALCULATION METHODS; OPTIMIZATION; GAUSS FUNCTION; LITHIUM; BERYLLIUM; BORON; CARBON; NITROGEN; OXYGEN; FLUORINE; NEON; SODIUM; MAGNESIUM; ALUMINIUM; SILICON; PHOSPHORUS; SULFUR; CHLORINE; ARGON; POTASSIUM; CALCIUM; SCANDIUM; TITANIUM; VANADIUM; CHROMIUM; MANGANESE; IRON; COBALT; NICKEL; COPPER; ZINC; GALLIUM; GERMANIUM; ARSENIC; SELENIUM; BROMINE; KRYPTON; GROUND STATES; CORE LEVELS; MOLECULES; ENERGY LEVELS; NUCLEAR MAGNETIC RESONANCE; ELECTRON CORRELATION; EFFICIENCY; ACCURACY; PHYSICAL PROPERTIES; CHEMICAL BONDS},
url = {http://link.aip.org/link/?JCP/100/5829/1},
doi = {10.1063/1.467146}
}

@article{3,
year={1997},
issn={1432-881X},
journal={Theor. Chem. Acc.},
volume={97},
number={1-4},
doi={10.1007/s002140050244},
title={Auxiliary basis sets for main row atoms and transition metals and their use to approximate Coulomb potentials},
url={http://dx.doi.org/10.1007/s002140050244},
publisher={Springer-Verlag},
keywords={Key words: RI density functional theory; Fitting basis sets; Auxiliary basis sets},
author={Eichkorn, Karin and Weigend, Florian and Treutler, Oliver and Ahlrichs, Reinhart},
pages={119-124},
language={English}
}

@article{4,
author = {Florian Weigend and Filipp Furche and Reinhart Ahlrichs},
collaboration = {},
title = {Gaussian basis sets of quadruple zeta valence quality for atoms H--Kr},
publisher = {AIP},
year = {2003},
journal = {J. Chem. Phys.},
volume = {119},
number = {24},
pages = {12753-12762},
keywords = {HF calculations; density functional theory; excited states; bond lengths; molecular moments},
url = {http://link.aip.org/link/?JCP/119/12753/1},
doi = {10.1063/1.1627293}
}

@article{5,
  title={Balanced basis sets of split valence, triple zeta valence and quadruple zeta valence quality for H to Rn: design and assessment of accuracy},
  author={Weigend, Florian and Ahlrichs, Reinhart},
  journal={Phys. Chem. Chem. Phys.},
  volume={7},
  number={18},
  pages={3297--3305},
  year={2005},
  publisher={Royal Society of Chemistry}
}

@article{7,
year={1997},
issn={1432-881X},
journal={Theor. Chem. Acc.},
volume={97},
number={1-4},
doi={10.1007/s002140050269},
title={RI-MP2: first derivatives and global consistency},
url={http://dx.doi.org/10.1007/s002140050269},
publisher={Springer-Verlag},
keywords={Key words: Gradients; Perturbation theory of electronic structure; MP2; Electron correlation; Coulomb interaction},
author={Weigend, Florian and Häser, Marco},
pages={331-340},
language={English}
}

@article{14,
author = {Rüdiger Bauernschmitt and Reinhart Ahlrichs},
collaboration = {},
title = {Stability analysis for solutions of the closed shell Kohn--Sham equation},
publisher = {AIP},
year = {1996},
journal = {J. Chem. Phys.},
volume = {104},
number = {22},
pages = {9047-9052},
keywords = {SELF--CONSISTENT FIELD; STABILITY; HARTREE--FOCK METHOD; TRIPLETS; BIFURCATION; DENSITY FUNCTIONAL METHOD; SPIN DENSITY; CHAOTIC SYSTEMS},
url = {http://link.aip.org/link/?JCP/104/9047/1},
doi = {10.1063/1.471637}
}

@article{22,
author = {Florian Weigend and Alexander Baldes},
collaboration = {},
title = {Segmented contracted basis sets for one- and two-component Dirac--Fock effective core potentials},
publisher = {AIP},
year = {2010},
journal = {J. Chem. Phys.},
volume = {133},
number = {17},
eid = {174102},
numpages = {10},
pages = {174102},
keywords = {density functional theory; Dirac-Fock calculations; SCF calculations; spin-orbit interactions},
url = {http://link.aip.org/link/?JCP/133/174102/1},
doi = {10.1063/1.3495681},
}

@article{ecp3,
author = {Bernhard Metz and Hermann Stoll and Michael Dolg},
collaboration = {},
title = {Small-core multiconfiguration-Dirac--Hartree--Fock-adjusted pseudopotentials for post-[bold d] main group elements: Application to PbH and PbO},
publisher = {AIP},
year = {2000},
journal = {J. Chem. Phys.},
volume = {113},
number = {7},
pages = {2563-2569},
keywords = {lead compounds; Dirac-Fock calculations; ab initio calculations; fine structure},
url = {http://link.aip.org/link/?JCP/113/2563/1},
doi = {10.1063/1.1305880}
}

@article{ecp24,
author = {Peterson, Kirk A. and Shepler, Benjamin C. and Figgen, Detlev and Stoll, Hermann},
title = {On the Spectroscopic and Thermochemical Properties of ClO, BrO, IO, and Their Anions},
journal = {J. Phys. Chem. A},
volume = {110},
number = {51},
pages = {13877-13883},
year = {2006},
doi = {10.1021/jp065887l},

URL = {http://pubs.acs.org/doi/abs/10.1021/jp065887l},
eprint = {http://pubs.acs.org/doi/pdf/10.1021/jp065887l}
}

@article{ettel2,
title = "Zur Reaktivität von Komplexen [L$_{n}$M=E=ML$_{n}$] (E = Ge, Sn, Pb; Ln = CP'(CO)$_{2}$Mn) mit den Chelatliganden 1,10-Phenanthrolin, Tetramethylethylendiamin und 1,8-Oxo-Chinolat ",
journal = "J. Organomet. Chem.",
volume = "476",
number = "2",
pages = "153 - 162",
year = "1994",
note = "",
issn = "0022-328X",
doi = "http://dx.doi.org/10.1016/0022-328X(94)87077-2",
url = "http://www.sciencedirect.com/science/article/pii/0022328X94870772",
author = "Frank Ettel and Martin Schollenberger and Berthold Schiemenz and Gottfried Huttner and Laszlo Zsolnai",
keywords = "Manganese",
keywords = "Chelates",
keywords = "X-ray diffraction ",
}

@article{braunschweig,
author = {Braunschweig, Holger and Damme, Alexander and Dewhurst, Rian D. and Kramer, Thomas and Östreicher, Sebastian and Radacki, Krzysztof and Vargas, Alfredo},
title = {Ditopic Ambiphilicity of an Anionic Dimetalloborylene Complex},
journal = {J. Am. Chem. Soc.},
volume = {135},
number = {6},
pages = {2313-2320},
year = {2013},
doi = {10.1021/ja310895w},

URL = {http://pubs.acs.org/doi/abs/10.1021/ja310895w},
eprint = {http://pubs.acs.org/doi/pdf/10.1021/ja310895w},
}

@article{ettel3,
title = "Nucleophile und oxidative addition von S-R-bausteinen an heterometallacumulene ",
journal = "J. Organomet. Chem.",
volume = "476",
number = "2",
pages = "207 - 214",
year = "1994",
note = "",
issn = "0022-328X",
doi = "http://dx.doi.org/10.1016/0022-328X(94)87083-7",
url = "http://www.sciencedirect.com/science/article/pii/0022328X94870837",
author = "Frank Ettel and Martin Schollenberger and Berthold Schiemenz and Wolfgang Imhof and Gottfried Huttner and Laszlo Zsolnai",
keywords = "Manganese",
keywords = "Sulfur",
keywords = "Tin",
keywords = "Lead "
}

@article {ettel1,
author = {Ettel, Frank and Huttner, Gottfried and Zsolnai, Laszlo},
title = {[{Cp'(CO)$_{2}$Mn}$_{2}$PbStBu]$^{-}$; Komplettierung einer isoelektronischen Reihe von zweikernigen Komplexen mit trigonal-planar koordinierten Hauptgruppenelementen},
journal = {Angew. Chem.},
volume = {101},
number = {11},
publisher = {WILEY-VCH Verlag GmbH},
issn = {1521-3757},
url = {http://dx.doi.org/10.1002/ange.19891011106},
doi = {10.1002/ange.19891011106},
pages = {1525--1527},
year = {1989},
}
